<?xml version="1.0" encoding="UTF-8"?><collection xmlns="http://www.loc.gov/MARC21/slim"><record><leader>00377nam--2200121-i-4500</leader><controlfield tag="001">000047885</controlfield><controlfield tag="002">20161230</controlfield><controlfield tag="005">20161230201046</controlfield><controlfield tag="008">060222s1000------------r-----000-0-eng-d</controlfield><datafield ind1=" " ind2=" " tag="100"><subfield code="a">Wolfi,Willy</subfield></datafield><datafield ind1=" " ind2=" " tag="245"><subfield code="a">Unterschung des kernphotoeffektes an be 9 und h2 mit diskreten gammaenergien zwischen 2,75 und 9.0 mev</subfield></datafield><datafield ind1=" " ind2=" " tag="260"><subfield code="a">Zurich, Techn.Hocschule, 1963. /657-692 P.</subfield></datafield><datafield ind1=" " ind2=" " tag="852"><subfield code="a">20719</subfield></datafield></record></collection>